@Article{bib:cleve1999share,
  author  = {Cleve, Richard and Gottesman, Daniel and Lo, Hoi-Kwong},
  title   = {How to share a quantum secret},
  journal = {Physical Review Letters},
  year    = {1999},
  volume  = {83},
  pages   = {648},
  doi     = {10.1103/physrevlett.83.648},
  eprint  = {arXiv:quant-ph/9901025v1},
}

@article{gottesman2001quantum,
  title={Quantum digital signatures},
  author={Gottesman, Daniel and Chuang, Isaac},
  journal={arXiv preprint quant-ph/0105032},
  year={2001}
}

@Article{bib:PhysRevA.61.042311,
  author  = {Gottesman, Daniel},
  title   = {Theory of quantum secret sharing},
  journal = {Physical Review A},
  year    = {2000},
  volume  = {61},
  pages   = {042311},
  doi     = {10.1103/physreva.61.042311},
}

@article{gottesman1998heisenberg,
      title={The Heisenberg Representation of Quantum Computers}, 
      author={Daniel Gottesman},
      year={1998},
      eprint={arXiv:quant-ph/9807006}
}