@article{Lamport82,
  author    = {Lamport, Leslie and Shostak, Robert and Pease, Marshall},
  title     = {The Byzantine Generals Problem},
  year      = {1982},
  publisher = {Association for Computing Machinery},
  address   = {New York, NY, USA},
  volume    = {4},
  doi       = {10.1145/357172.357176},
  journal   = {ACM Trans. Program. Lang. Syst.},
  pages     = {382}
}

@article{Shannon48,
  author  = {Shannon, C. E.},
  journal = {The Bell System Technical Journal},
  title   = {A mathematical theory of communication},
  year    = {1948},
  volume  = {27},
  pages   = {379},
  doi     = {10.1002/j.1538-7305.1948.tb01338.x}
}

@article{Hakimi62,
  author  = {Hakimi, S. L.},
  title   = {On Realizability of a Set of Integers as Degrees of the Vertices of a Linear Graph. {I}},
  journal = {Journal of the Society for Industrial and Applied Mathematics},
  volume  = {10},
  pages   = {496},
  year    = {1962},
  doi     = {10.1137/0110037}
}

@article{Havel1955,
  author    = {Havel, V\'{a}clav},
  journal   = {\u{C}asopis Pro P\u{e}stov\'{a}n\'{i} Matematiky},
  pages     = {477},
  publisher = {Mathematical Institute of the Czechoslovak Academy of Sciences},
  title     = {A remark on the existence of finite graphs},
  url       = {http://eudml.org/doc/19050},
  volume    = {080},
  year      = {1955}
}

@article{BB84,
  title   = {Quantum cryptography: Public key distribution and coin tossing},
  year    = {1984},
  pages   = {175},
  journal = {Proceedings of the IEEE},
  author  = {Bennett, C. H., and G. Brassard},
  doi     = {10.1016/j.tcs.2014.05.025}
}

@unpublished{Bentov,
  title  = {Cryptocurrencies without Proof of Work},
  author = {Iddo Bentov and Ariel Gabizon and Alex Mizrahi},
  year   = {2017},
  eprint = {arXiv:1406.5694}
}

@misc{CBECI,
  title  = {Cambridge Bitcoin Electricity Consumption Index ({C}{B}{E}{C}{I})},
  author = {{Cambridge Centre for Alternative Finance}},
  year   = {2023},
  url    = {https://ccaf.io/cbnsi/cbeci}
}

@article{ClassVerifQA,
  title   = {Classically verifiable quantum advantage from a computational Bell test},
  author  = {Gregory D. Kahanamoku-Meyer and Soonwon Choi and Umesh V. Vazirani and Norman Y. Yao},
  year    = {2022},
  journal = {Nature Physics},
  volume  = {18},
  pages   = {918},
  doi     = {10.1038/s41567-022-01643-7}
}

@misc{DAAMLA,
  title  = {Digital Asset Anti-Money Laundering Act of 2023},
  author = {Elizabeth Warren},
  year   = {2023},
  url    = {https://www.congress.gov/bill/118th-congress/senate-bill/2669/text}
}

@article{E91,
  author  = {Ekert, Artur K},
  title   = {Quantum cryptography based on Bell's theorem},
  journal = {Physical Review Letters},
  year    = {1991},
  volume  = {67},
  pages   = {661},
  doi     = {10.1103/physrevlett.67.661}
}

@book{FisherYates53,
  title     = {Statistical tables for biological, agricultural, and medical research},
  author    = {Fisher, Ronald Aylmer and Yates, Frank},
  year      = {1953},
  publisher = {Hafner Publishing Company}
}

@article{Gale1957,
  author  = {Gale, David},
  year    = {1957},
  title   = {A theorem on flows in networks},
  journal = {Pacific J. Math.},
  volume  = {7},
  pages   = {1073},
  doi     = {10.2140/pjm.1957.7.1073}
}

@inproceedings{Goldwasser85,
  author    = {Goldwasser, Shafi and Micali, Silvio and Rivest, Ronald L.},
  title     = {A ``Paradoxical'' Solution to The Signature Problem},
  booktitle = {Advances in Cryptology},
  year      = {1985},
  publisher = {Springer Berlin Heidelberg},
  pages     = {467},
  isbn      = {978-3-540-39568-3},
  doi       = {10.1007/3-540-39568-7_37}
}

@article{Goldwasser88,
  author  = {Goldwasser, Shafi and Micali, Silvio and Rivest, Ronald L.},
  title   = {A Digital Signature Scheme Secure Against Adaptive Chosen-Message Attacks},
  journal = {SIAM Journal on Computing},
  volume  = {17},
  pages   = {281},
  year    = {1988},
  doi     = {10.1137/0217017}
}

@misc{hash_rate,
  title  = {Bitcoin Network Hash Rate},
  author = {YCharts},
  year   = {2024},
  url    = {https://ycharts.com/indicators/bitcoin_network_hash_rate}
}

@misc{hashcash,
  title  = {Hashcash - A Denial of Service Counter-Measure},
  author = {Adam Back},
  year   = {2002},
  url    = {http://www.hashcash.org/papers/hashcash.pdf}
}
@misc{KingNadal,
  title  = {PPCoin: Peer-to-Peer Crypto-Currency with Proof-of-Stake},
  author = {Sunny King and Scott Nadal},
  year   = {2012},
  url    = {https://decred.org/research/king2012.pdf}
}

@article{Liu22,
  doi     = {10.22331/q-2022-09-19-807},
  title   = {Depth-efficient proofs of quantumness},
  author  = {Liu, Zhenning and Gheorghiu, Alexandru},
  journal = {{Quantum}},
  volume  = {6},
  pages   = {807},
  year    = {2022}
}

@article{MapReduce,
  author    = {Dean, Jeffrey and Ghemawat, Sanjay},
  title     = {MapReduce: Simplified Data Processing on Large Clusters},
  year      = {2008},
  publisher = {Association for Computing Machinery},
  address   = {New York, NY, USA},
  volume    = {51},
  doi       = {10.1145/1327452.1327492},
  journal   = {Commun. ACM},
  pages     = {107}
}

@misc{Nakamoto08,
  title  = {Bitcoin: A Peer-to-Peer Electronic Cash System},
  author = {Satoshi Nakamoto},
  year   = {2008},
  url    = {https://bitcoin.org/bitcoin.pdf}
}

@inproceedings{pow_email,
  author    = {Dwork, Cynthia and Naor, Moni},
  editor    = {Brickell, Ernest F.},
  title     = {Pricing via Processing or Combatting Junk Mail},
  booktitle = {Advances in Cryptology --- CRYPTO' 92},
  year      = {1993},
  publisher = {Springer Berlin Heidelberg},
  pages     = {139},
  isbn      = {978-3-540-48071-6},
  doi       = {10.1007/3-540-48071-4_10}
}

@inproceedings{PrivacyAmp,
  author    = {Impagliazzo, R. and Levin, L. A. and Luby, M.},
  title     = {Pseudo-Random Generation from One-Way Functions},
  year      = {1989},
  isbn      = {0897913078},
  publisher = {Association for Computing Machinery},
  doi       = {10.1145/73007.73009},
  booktitle = {Proceedings of the Twenty-First Annual ACM Symposium on Theory of Computing},
  pages     = {12},
  series    = {STOC '89}
}

@unpublished{QPoW,
  title  = {Proof-of-work consensus by quantum sampling},
  author = {Deepesh Singh and Boxiang Fu and Gopikrishnan Muraleedharan and Chen-Mou Cheng and Nicolas Roussy Newton and Peter P. Rohde and Gavin K. Brennen},
  year   = {2023},
  eprint = {arXiv:2305.19865},
  doi    = {10.48550/arXiv.2305.19865}
}

@misc{Rabin79,
  author    = {Rabin, M. O.},
  title     = {Digitalized Signatures and Public-key Functions as Intractable as Factorization},
  year      = {1979},
  publisher = {MIT},
  url       = {http://publications.csail.mit.edu/lcs/pubs/pdf/MIT-LCS-TR-212.pdf}
}

@article{Regev09,
  author  = {Regev, Oded},
  title   = {On Lattices, Learning with Errors, Random Linear Codes, and Cryptography},
  year    = {2009},
  journal = {Journal of ACM},
  volume  = {56},
  pages   = {1},
  doi     = {10.1145/1568318.1568324}
}

@inproceedings{Regev10,
  author    = {Regev, Oded},
  booktitle = {2010 IEEE 25th Annual Conference on Computational Complexity},
  title     = {The Learning with Errors Problem (Invited Survey)},
  year      = {2010},
  volume    = {},
  pages     = {191},
  doi       = {10.1109/CCC.2010.26}
}

@book{RohdeQI,
  place     = {Cambridge},
  booktitle = {The Quantum Internet: The Second Quantum Revolution},
  publisher = {Cambridge University Press},
  author    = {Rohde, Peter P.},
  year      = {2021},
  doi       = {10.1017/9781108868815}
}

@article{Ryser1957,
  title     = {Combinatorial Properties of Matrices of Zeros and Ones},
  volume    = {9},
  doi       = {10.4153/CJM-1957-044-3},
  journal   = {Canadian Journal of Mathematics},
  publisher = {Cambridge University Press},
  author    = {Ryser, H. J.},
  year      = {1957},
  pages     = {371}
}

@article{Sattolo86,
  title   = {An algorithm to generate a random cyclic permutation},
  journal = {Information Processing Letters},
  volume  = {22},
  pages   = {315},
  year    = {1986},
  doi     = {10.1016/0020-0190(86)90073-6},
  author  = {Sandra Sattolo}
}

@book{Schneier96,
  author    = {Schneier, Bruce},
  title     = {Applied Cryptography},
  year      = {1996},
  isbn      = {9780471128458},
  doi       = {10.1002/9781119183471},
  publisher = {Wiley}
}

@article{Shor97,
  author  = {Peter W. Shor},
  year    = {1997},
  title   = {Polynomial-Time Algorithms for Prime Factorization and Discrete Logarithms on a Quantum Computer},
  journal = {SIAM Journal on Computing},
  volume  = {26},
  pages   = {1484},
  doi     = {10.1137/S0097539795293172}
}

@article{Zhu23,
  author  = {Daiwei Zhu and Gregory D. Kahanamoku-Meyer and Laura Lewis and Crystal Noel and Or Katz and Bahaa Harraz and Qingfeng Wang and Andrew Risinger and Lei Feng and Debopriyo Biswas and Laird Egan and Alexandru Gheorghiu and Yunseong Nam and Thomas Vidick and Umesh Vazirani and Norman Y. Yao and Marko Cetina and Christopher Monroe},
  title   = {Interactive cryptographic proofs of quantumness using mid-circuit measurements},
  journal = {Nature Physics},
  year    = {2023},
  volume  = {19},
  pages   = {1725},
  doi     = {10.1038/s41567-023-02162-9}
}
