@inproceedings{ObjectStore,
  author = {Factor, M. and Meth, K. and Naor, D. and Rodeh, O. and Satran, J.},
  booktitle = {2005 IEEE International Symposium on Mass Storage Systems and Technology}, 
  title = {Object storage: the future building block for storage systems}, 
  year = {2005},
  pages = {119},
  doi = {10.1109/LGDI.2005.1612479}
}

@inproceedings{TornadoCodes,
	author = {Luby, Michael G. and Mitzenmacher, Michael and Shokrollahi, M. Amin and Spielman, Daniel A. and Stemann, Volker},
	title = {Practical loss-resilient codes},
	year = {1997},
	isbn = {0897918886},
	publisher = {Association for Computing Machinery},
address = {New York, NY, USA},
	doi = {10.1145/258533.258573},
	booktitle = {Proceedings of the Twenty-Ninth Annual ACM Symposium on Theory of Computing},
	pages = {150â€“159}
	series = {STOC '97}
}

@article{MackayFountain,
  title = {Fountain codes},
  author = {MacKay, David J. C.},
  journal = {IEE Proceedings-Communications},
  volume = {152},
  pages = {1062},
  year = {2005},
  publisher = {IET},
  doi = {10.1049/ip-com:20050237}
}

@inproceedings{LTCodes,
	author = {M. Luby},
	booktitle = {2013 IEEE 54th Annual Symposium on Foundations of Computer Science},
	title = {LT Codes},
	year = {2002},
	pages = {271},
	doi = {10.1109/SFCS.2002.1181950},
	publisher = {IEEE Computer Society}
}


@misc{Buterin,
	title = {Ethereum: A Next Generation Smart Contract \& Decentralized Application Platform},
	author = {Buterin, V.},
	year = {2013},
	url = {https://ethereum.org/en/whitepaper/}
}

@inproceedings{ActorModel,
	author = {Hewitt, Carl and Bishop, Peter and Steiger, Richard},
	title = {A universal modular ACTOR formalism for artificial intelligence},
	year = {1973},
	publisher = {Morgan Kaufmann Publishers Inc.},
	booktitle = {Proceedings of the 3rd International Joint Conference on Artificial Intelligence},
	pages = {235},
	series = {IJCAI'73},
	url = {https://dl.acm.org/doi/abs/10.5555/1624775.1624804}
}

@inproceedings{Fountain,
  title={Fountain codes},
  author={Joshi, Gauri and Rhim, Joong Bum and Sun, John and Wang, Da},
  booktitle={Global telecommunications conference (GLOBECOM 2010)},
  pages={7},
  year={2010}
}

@article{LiquidCloudStorage,
	title = {Liquid cloud storage},
	author = {Michael Luby and Roberto Padovani and Thomas J Richardson and Lorenz Minder, Pooja Aggarwal},
	year = {2019},
	preprint = {arXiv:1705.07983},
	journal = {ACM Transactions on Storage (TOS)},
	volume = {15},
	pages = {1},
	publisher = {ACM New York, NY, USA}
}

@article{RaptorCodes,
	author = {Shokrollahi, A.},
 	journal = {IEEE Transactions on Information Theory}, 
 	title = {Raptor codes}, 
 	year = {2006},
 	volume = {52},
 	pages = {2551},
	doi={10.1109/TIT.2006.874390}
}

@article{RaptorCodes2,
	year = {2011},
	volume = {6},
	journal = {Foundations and Trends in Communications and Information Theory},
	title = {Raptor Codes},
	doi = {10.1561/0100000060},
	pages = {213},
	author = {Amin Shokrollahi and Michael Luby}
}

@article{RepFountainCodes,
 	author = {Asteris, Megasthenis and Dimakis, Alexandros G.},
 	journal = {IEEE Journal on Selected Areas in Communications}, 
 	title = {Repairable Fountain Codes}, 
 	year = {2014},
 	volume = {32},
	pages = {1037},
	doi={10.1109/JSAC.2014.140522}
}

@article{Lamport82,
  author    = {Lamport, Leslie and Shostak, Robert and Pease, Marshall},
  journal   = {ACM Trans. Program. Lang. Syst.},
  title     = {{T}he {B}yzantine Generals Problem},
  year      = {1982},
  pages     = {382},
  volume    = {4},
  address   = {New York, NY, USA},
  doi       = {10.1145/357172.357176},
  publisher = {Association for Computing Machinery}
}

@article{Shannon48,
  author  = {Shannon, C. E.},
  journal = {The Bell System Technical Journal},
  title   = {A mathematical theory of communication},
  year    = {1948},
  volume  = {27},
  pages   = {379},
  doi     = {10.1002/j.1538-7305.1948.tb01338.x}
}

@article{Hakimi62,
  author  = {Hakimi, S. L.},
  title   = {On Realizability of a Set of Integers as Degrees of the Vertices of a Linear Graph. {I}},
  journal = {Journal of the Society for Industrial and Applied Mathematics},
  volume  = {10},
  pages   = {496},
  year    = {1962},
  doi     = {10.1137/0110037}
}

@article{Havel1955,
  author    = {Havel, V\'{a}clav},
  journal   = {\u{C}asopis Pro P\u{e}stov\'{a}n\'{i} Matematiky},
  title     = {A remark on the existence of finite graphs},
  year      = {1955},
  pages     = {477},
  volume    = {080},
  doi       = {10.21136/cpm.1955.108220},
  publisher = {Mathematical Institute of the Czechoslovak Academy of Sciences},
  url       = {http://eudml.org/doc/19050}
}

@article{BB84,
  author  = {Bennett, C. H. and G. Brassard},
  journal = {Proceedings of the IEEE},
  title   = {Quantum cryptography: Public key distribution and coin tossing},
  year    = {1984},
  pages   = {175},
  doi     = {10.1016/j.tcs.2014.05.025},
  eprint  = {arXiv:2003.06557}
}

@unpublished{Bentov,
  title  = {Cryptocurrencies without Proof of Work},
  author = {Iddo Bentov and Ariel Gabizon and Alex Mizrahi},
  year   = {2017},
  eprint = {arXiv:1406.5694},
  doi    = {10.48550/arXiv.1406.5694}
}

@misc{CBECI,
  author = {{Cambridge Centre for Alternative Finance}},
  title  = {{C}ambridge {B}itcoin {E}lectricity {C}onsumption {I}ndex ({C}{B}{E}{C}{I})},
  year   = {2023},
  url    = {https://ccaf.io/cbnsi/cbeci}
}

@article{ClassVerifQA,
  author  = {Gregory D. Kahanamoku-Meyer and Soonwon Choi and Umesh V. Vazirani and Norman Y. Yao},
  journal = {Nature Physics},
  title   = {Classically verifiable quantum advantage from a computational {B}ell test},
  year    = {2022},
  pages   = {918},
  volume  = {18},
  doi     = {10.1038/s41567-022-01643-7}
}

@misc{DAAMLA,
  author = {Elizabeth Warren},
  title  = {{D}igital {A}sset {A}nti-{M}oney {L}aundering {A}ct of 2023},
  year   = {2023},
  url    = {https://www.congress.gov/bill/118th-congress/senate-bill/2669/text}
}

@article{E91,
  author  = {Artur K. Ekert},
  journal = {Physical Review Letters},
  title   = {Quantum cryptography based on {B}ell's theorem},
  year    = {1991},
  pages   = {661},
  volume  = {67},
  doi     = {10.1103/physrevlett.67.661}
}

@book{FisherYates53,
  author    = {Fisher, Ronald Aylmer and Yates, Frank},
  publisher = {Hafner Publishing Company},
  title     = {Statistical tables for biological, agricultural, and medical research},
  year      = {1953},
  doi       = {10.2307/1905265}
}

@article{Gale1957,
  author  = {Gale, David},
  year    = {1957},
  title   = {A theorem on flows in networks},
  journal = {Pacific J. Math.},
  volume  = {7},
  pages   = {1073},
  doi     = {10.2140/pjm.1957.7.1073}
}

@inproceedings{Goldwasser85,
  author    = {Goldwasser, Shafi and Micali, Silvio and Rivest, Ronald L.},
  title     = {A ``Paradoxical'' Solution to The Signature Problem},
  booktitle = {Advances in Cryptology},
  year      = {1985},
  publisher = {Springer Berlin Heidelberg},
  pages     = {467},
  isbn      = {978-3-540-39568-3},
  doi       = {10.1007/3-540-39568-7_37}
}

@article{Goldwasser88,
  author  = {Goldwasser, Shafi and Micali, Silvio and Rivest, Ronald L.},
  title   = {A Digital Signature Scheme Secure Against Adaptive Chosen-Message Attacks},
  journal = {SIAM Journal on Computing},
  volume  = {17},
  pages   = {281},
  year    = {1988},
  doi     = {10.1137/0217017}
}

@misc{hashrate,
  author = {YCharts},
  title  = {Bitcoin Network Hash Rate},
  year   = {2024},
  url    = {https://ycharts.com/indicators/bitcoin_network_hash_rate}
}

@misc{hashcash,
  title  = {Hashcash --- A Denial of Service Counter-Measure},
  author = {Adam Back},
  year   = {2002},
  url    = {http://www.hashcash.org/papers/hashcash.pdf}
}

@misc{KingNadal,
  title  = {{PPCoin}: Peer-to-Peer Crypto-Currency with Proof-of-Stake},
  author = {Sunny King and Scott Nadal},
  year   = {2012},
  url    = {https://decred.org/research/king2012.pdf}
}

@article{Liu22,
  title   = {Depth-efficient proofs of quantumness},
  author  = {Liu, Zhenning and Gheorghiu, Alexandru},
  journal = {{Quantum}},
  volume  = {6},
  pages   = {807},
  year    = {2022},
  doi     = {10.22331/q-2022-09-19-807}
}

@article{MapReduce,
  author    = {Dean, Jeffrey and Ghemawat, Sanjay},
  title     = {MapReduce: Simplified Data Processing on Large Clusters},
  year      = {2008},
  publisher = {Association for Computing Machinery},
  address   = {New York, NY, USA},
  volume    = {51},
  doi       = {10.1145/1327452.1327492},
  journal   = {Commun. ACM},
  pages     = {107}
}

@misc{Nakamoto08,
  title  = {Bitcoin: A Peer-to-Peer Electronic Cash System},
  author = {Satoshi Nakamoto},
  year   = {2008},
  url    = {https://bitcoin.org/bitcoin.pdf}
}

@inproceedings{powemail,
  author    = {Dwork, Cynthia and Naor, Moni},
  booktitle = {Advances in Cryptology --- CRYPTO' 92},
  title     = {Pricing via Processing or Combatting Junk Mail},
  year      = {1993},
  editor    = {Brickell, Ernest F.},
  pages     = {139},
  publisher = {Springer Berlin Heidelberg},
  doi       = {10.1007/3-540-48071-4_10},
  isbn      = {978-3-540-48071-6}
}

@inproceedings{PrivacyAmp,
  author    = {Impagliazzo, R. and Levin, L. A. and Luby, M.},
  title     = {Pseudo-Random Generation from One-Way Functions},
  year      = {1989},
  isbn      = {0897913078},
  publisher = {Association for Computing Machinery},
  doi       = {10.1145/73007.73009},
  booktitle = {Proceedings of the Twenty-First Annual ACM Symposium on Theory of Computing},
  pages     = {12},
  series    = {STOC '89}
}

@unpublished{QPoW,
  title  = {Proof-of-work consensus by quantum sampling},
  author = {Deepesh Singh and Boxiang Fu and Gopikrishnan Muraleedharan and Chen-Mou Cheng and Nicolas Roussy Newton and Peter P. Rohde and Gavin K. Brennen},
  year   = {2023},
  eprint = {arXiv:2305.19865},
  doi    = {10.48550/arXiv.2305.19865}
}

@misc{Rabin79,
  author    = {Rabin, M. O.},
  title     = {Digitalized Signatures and Public-key Functions as Intractable as Factorization},
  year      = {1979},
  publisher = {MIT},
  url       = {http://publications.csail.mit.edu/lcs/pubs/pdf/MIT-LCS-TR-212.pdf}
}

@article{Regev09,
  author  = {Regev, Oded},
  title   = {On Lattices, Learning with Errors, Random Linear Codes, and Cryptography},
  year    = {2009},
  journal = {Journal of ACM},
  volume  = {56},
  pages   = {1},
  doi     = {10.1145/1568318.1568324}
}

@inproceedings{Regev10,
  author    = {Regev, Oded},
  booktitle = {2010 IEEE 25th Annual Conference on Computational Complexity},
  title     = {The Learning with Errors Problem (Invited Survey)},
  year      = {2010},
  volume    = {},
  pages     = {191},
  doi       = {10.1109/CCC.2010.26}
}

@book{RohdeQI,
  place     = {Cambridge},
  booktitle = {The Quantum Internet: The Second Quantum Revolution},
  publisher = {Cambridge University Press},
  author    = {Rohde, Peter P.},
  year      = {2021},
  doi       = {10.1017/9781108868815}
}

@article{Ryser1957,
  title     = {Combinatorial Properties of Matrices of Zeros and Ones},
  volume    = {9},
  doi       = {10.4153/CJM-1957-044-3},
  journal   = {Canadian Journal of Mathematics},
  publisher = {Cambridge University Press},
  author    = {Ryser, H. J.},
  year      = {1957},
  pages     = {371}
}

@article{Sattolo86,
  title   = {An algorithm to generate a random cyclic permutation},
  journal = {Information Processing Letters},
  volume  = {22},
  pages   = {315},
  year    = {1986},
  doi     = {10.1016/0020-0190(86)90073-6},
  author  = {Sandra Sattolo}
}

@book{Schneier96,
  author    = {Schneier, Bruce},
  publisher = {Wiley},
  title     = {{A}pplied {C}ryptography},
  year      = {1996},
  isbn      = {9780471128458},
  doi       = {10.1002/9781119183471}
}

@article{Shor97,
  author  = {Peter W. Shor},
  journal = {SIAM Journal on Computing},
  title   = {Polynomial-Time Algorithms for Prime Factorization and Discrete Logarithms on a Quantum Computer},
  year    = {1997},
  pages   = {1484},
  volume  = {26},
  doi     = {10.1137/S0097539795293172},
  eprint  = {arXiv:quant-ph/9508027}
}

@article{Zhu23,
  author  = {Daiwei Zhu and Gregory D. Kahanamoku-Meyer and Laura Lewis and Crystal Noel and Or Katz and Bahaa Harraz and Qingfeng Wang and Andrew Risinger and Lei Feng and Debopriyo Biswas and Laird Egan and Alexandru Gheorghiu and Yunseong Nam and Thomas Vidick and Umesh Vazirani and Norman Y. Yao and Marko Cetina and Christopher Monroe},
  title   = {Interactive cryptographic proofs of quantumness using mid-circuit measurements},
  journal = {Nature Physics},
  year    = {2023},
  volume  = {19},
  pages   = {1725},
  doi     = {10.1038/s41567-023-02162-9}
}

@Comment{jabref-meta: databaseType:bibtex;}
