@article{Bruijn,
	title = {A combinatorial problem},
	author = {Bruijn, de, N. G.},
	year = {1946},
	journal = {Proceedings of the Section of Sciences of the Koninklijke Nederlandse Akademie van Wetenschappen te Amsterdam},
	volume = {49},
	pages = {758}
}

@article{Velvet,
	title = {Velvet: Algorithms for de novo short read assembly using de Bruijn graphs},
	author = {Daniel R. Zerbino and Ewan Birney},
	journal = {Genome Res.},
	year = {2008},
	volume = {18},
	pages = {821},
	doi = {10.1101/gr.074492.107}
}

