@misc{hein2006entanglement,
      title={Entanglement in Graph States and its Applications}, 
      author={M. Hein and W. DÃ¼r and J. Eisert and R. Raussendorf and M. Van den Nest and H. -J. Briegel},
      year={2006},
      eprint={quant-ph/0602096}
}

@article{PhysRevA.69.062311,
  title = {Multiparty entanglement in graph states},
  author = {Hein, M. and Eisert, J. and Briegel, H. J.},
  journal = {Phys. Rev. A},
  volume = {69},
  issue = {6},
  pages = {062311},
  numpages = {20},
  year = {2004},
  month = {Jun},
  publisher = {American Physical Society},
  doi = {10.1103/PhysRevA.69.062311},
  url = {https://link.aps.org/doi/10.1103/PhysRevA.69.062311}
}
